<?xml version="1.0" encoding="UTF-8"?><collection xmlns="http://www.loc.gov/MARC21/slim"><record><leader>00502nam--2200157-i-4500</leader><controlfield tag="001">000035990</controlfield><controlfield tag="002">20161230</controlfield><controlfield tag="005">20161230201040</controlfield><controlfield tag="008">060222s1000------------r-----000-0-eng-d</controlfield><datafield ind1=" " ind2=" " tag="080"><subfield code="a">517.6:517.9</subfield></datafield><datafield ind1="1" ind2="0" tag="100"><subfield code="a">Olver, F.W.J</subfield></datafield><datafield ind1="1" ind2=" " tag="245"><subfield code="a">Asymptotics and special functions</subfield></datafield><datafield ind1=" " ind2=" " tag="260"><subfield code="a">New York, Academic Press, 1974, Xiii + 572p</subfield></datafield><datafield ind1=" " ind2=" " tag="490"><subfield code="a">Computer Science And Applied Mathematics. A Series Of Monographs And Textbook. Editor Werner Rheinbolt</subfield></datafield><datafield ind1=" " ind2=" " tag="852"><subfield code="a">42738</subfield><subfield code="c">517.5</subfield></datafield><datafield ind1=" " ind2=" " tag="CAT"><subfield code="a">Sys</subfield><subfield code="c">20080806</subfield><subfield code="h">121127</subfield></datafield></record></collection>